<record xmlns:xsi="http://www.w3.org/2001/XMLSchema-instance" xmlns="http://www.loc.gov/MARC21/slim" xsi:schemaLocation="http://www.loc.gov/MARC21/slim http://www.loc.gov/standards/marcxml/schema/MARC21slim.xsd">

  <leader>00383nam a2200157Ia 4500</leader>
  <datafield ind2=" " tag="999" ind1=" ">
    <subfield code="c">1012</subfield>
    <subfield code="d">1012</subfield>
  </datafield>
  <controlfield tag="008">180119b1998    cr ||||| |||| 00| | spa d</controlfield>
  <datafield ind2=" " tag="020" ind1=" ">
    <subfield code="a">9977649499</subfield>
  </datafield>
  <datafield ind2=" " tag="090" ind1=" ">
    <subfield code="a">CR863.4 </subfield>
    <subfield code="b">B982a</subfield>
  </datafield>
  <datafield tag="100" ind1="1" ind2=" ">
    <subfield code="a">Bustos Arratia, Myriam</subfield>
    <subfield code="9">3332</subfield>
  </datafield>
  <datafield ind1="1" tag="245" ind2="0">
    <subfield code="a">Aprendiz de investigador /</subfield>
    <subfield code="c">Myriam Bustos Arratia</subfield>
  </datafield>
  <datafield ind2=" " tag="260" ind1=" ">
    <subfield code="a">San José, Costa Rica : </subfield>
    <subfield code="b">EUNED, </subfield>
    <subfield code="c">1998</subfield>
  </datafield>
  <datafield ind1=" " tag="300" ind2=" ">
    <subfield code="a">72 páginas</subfield>
  </datafield>
  <datafield ind2="4" ind1="1" tag="650">
    <subfield code="a">PEDAGOGÍA</subfield>
    <subfield code="9">1770</subfield>
  </datafield>
  <datafield ind2="4" tag="650" ind1="1">
    <subfield code="a">APRENDIZAJE </subfield>
    <subfield code="9">387</subfield>
  </datafield>
  <datafield ind2="4" tag="650" ind1="1">
    <subfield code="a">INVESTIGACIÓN</subfield>
    <subfield code="9">163</subfield>
  </datafield>
  <datafield ind2="4" tag="650" ind1="1">
    <subfield code="a">CUENTO</subfield>
    <subfield code="9">3333</subfield>
  </datafield>
  <datafield ind1=" " tag="942" ind2=" ">
    <subfield code="2">z</subfield>
    <subfield code="c">01</subfield>
  </datafield>
</record>